@article{PaperMeikeStrong,
      title={Strong Embeddings of 3-connected Cubic Planar Graphs on Surfaces of non-negative Euler Characteristic}, 
      author={Meike Wei√ü and Alice C. Niemeyer},
      year={2024},
      journal={arXiv e-prints},
      eprint={2407.17972},
      pages={arXiv:2407.17972},
      archivePrefix={arXiv},
      primaryClass={math.CO},
      url={https://arxiv.org/abs/2407.17972}, 
}


@article {EnamiEmbeddings,
    AUTHOR = {Enami, Kengo},
     TITLE = {Embeddings of 3-connected 3-regular planar graphs on surfaces
              of non-negative {E}uler characteristic},
   JOURNAL = {Discrete Math. Theor. Comput. Sci.},
  FJOURNAL = {Discrete Mathematics \& Theoretical Computer Science. DMTCS.},
    VOLUME = {21},
      YEAR = {2019},
    NUMBER = {4},
     PAGES = {Paper No. 11, 19},
      ISSN = {1365-8050},
   MRCLASS = {05C10},
  MRNUMBER = {4026094},
MRREVIEWER = {Yian\ Xu},
}